@misc{wiki_en,
  title = "English Wikipedia",
  url = "https://en.wikipedia.org/",
}
@misc{wiki_pl,
  title = "Polska Wikipedia",
  url = "https://pl.wikipedia.org/",
}
